<?xml version="1.0" encoding="UTF-8"?><record xmlns="http://www.loc.gov/MARC21/slim" xmlns:cinclude="http://apache.org/cocoon/include/1.0" xmlns:zs="http://www.loc.gov/zing/srw/">
  <leader>01108cz  a2200205n  4500</leader>
  <controlfield tag="001">no2014034910</controlfield>
  <controlfield tag="003">DLC</controlfield>
  <controlfield tag="005">20140318073845.0</controlfield>
  <controlfield tag="008">140314n| azannaabn          |a ana     c</controlfield>
  <datafield tag="010" ind1=" " ind2=" ">
    <subfield code="a">no2014034910</subfield>
  </datafield>
  <datafield tag="035" ind1=" " ind2=" ">
    <subfield code="a">(OCoLC)oca09707262</subfield>
  </datafield>
  <datafield tag="040" ind1=" " ind2=" ">
    <subfield code="a">CSt</subfield>
    <subfield code="b">eng</subfield>
    <subfield code="e">rda</subfield>
    <subfield code="c">CSt</subfield>
    <subfield code="d">CSt</subfield>
  </datafield>
  <datafield tag="110" ind1="2" ind2=" ">
    <subfield code="a">Igreja Matriz de Nossa Senhora do Pilar (Ouro Preto, Minas Gerais, Brazil)</subfield>
  </datafield>
  <datafield tag="370" ind1=" " ind2=" ">
    <subfield code="e">Ouro Preto (Minas Gerais : Brazil)</subfield>
    <subfield code="2">naf</subfield>
  </datafield>
  <datafield tag="410" ind1="2" ind2=" ">
    <subfield code="a">Igreja de Nossa Senhora do Pilar de Vila Rica</subfield>
  </datafield>
  <datafield tag="410" ind1="2" ind2=" ">
    <subfield code="a">Matriz do Pilar de Vila Rica</subfield>
  </datafield>
  <datafield tag="410" ind1="2" ind2=" ">
    <subfield code="a">Nossa Senhora do Pilar do Ouro Preto</subfield>
  </datafield>
  <datafield tag="410" ind1="2" ind2=" ">
    <subfield code="a">Matriz do Pilar (Church : Ouro Preto, Minas Gerais, Brazil)</subfield>
  </datafield>
  <datafield tag="670" ind1=" " ind2=" ">
    <subfield code="a">De Vila Rica aĚ imperial Ouro Preto, maio 2013:</subfield>
    <subfield code="b">page 34 (Igreja Matriz de Nossa Senhora do Pilar) page 5 (Igreja de Nossa Senhora do Pilar de Vila Rica; Nossa Senhora do Pilar do Ouro Preto) page 36 (Matriz do Pilar de Vila Rica)</subfield>
  </datafield>
  <datafield tag="670" ind1=" " ind2=" ">
    <subfield code="a">ParoĚquia de Nossa Senhora do Pilar, viewed March 13, 2014:</subfield>
    <subfield code="b">O que diferenciou o Pilar das demais igrejas de Ouro Preto? (Matriz do Pilar)</subfield>
    <subfield code="u">http://www.ouropretoparoquiadopilar.com.br/index.php/historia/20-7</subfield>
  </datafield>
</record>